<?xml version="1.0" encoding="UTF-8"?>
<record xmlns="http://www.loc.gov/MARC21/slim">
   <leader>00676cam a22001935  4500</leader>
   <controlfield tag="001">1354741</controlfield>
   <controlfield tag="003">NjP</controlfield>
   <controlfield tag="005">20170613155223.0</controlfield>
   <controlfield tag="008">870427s1929    ua       b    000 0 arard</controlfield>
   <datafield tag="024" ind1="7" ind2=" ">
      <subfield code="a">princeton_aco004598</subfield>
      <subfield code="2">local</subfield>
   </datafield>
   <datafield ind1=" " ind2=" " tag="035">
      <subfield code="a">(OCoLC)ocm15597763</subfield>
   </datafield>
   <datafield ind1=" " ind2=" " tag="035">
      <subfield code="9">CDZ8270TS</subfield>
   </datafield>
   <datafield ind1=" " ind2=" " tag="040">
      <subfield code="a">WAU</subfield>
      <subfield code="c">WAU</subfield>
      <subfield code="d">OCL</subfield>
      <subfield code="d">PUL</subfield>
   </datafield>
   <datafield ind1="1" ind2=" " tag="100">
      <subfield code="a">Ibn al-Nadīm, Muḥammad ibn Isḥāq,</subfield>
      <subfield code="d">active 987.</subfield>
      <subfield code="0">http://id.loc.gov/authorities/names/n87909800</subfield>
   </datafield>
   <datafield ind1="1" ind2="3" tag="245">
      <subfield code="a">al-Fihrist li-Ibn al-Nadīm.</subfield>
   </datafield>
   <datafield ind1=" " ind2=" " tag="260">
      <subfield code="a">Cairo,</subfield>
      <subfield code="b">al-Maktabah al-Tijārīyah al-Kubrá,</subfield>
      <subfield code="c">1348 [1929 or 30]</subfield>
   </datafield>
   <datafield ind1=" " ind2=" " tag="300">
      <subfield code="a">528, 8 p.</subfield>
   </datafield>
   <datafield ind1=" " ind2=" " tag="500">
      <subfield code="a">In Arabic.</subfield>
   </datafield>
   <datafield ind1=" " ind2="0" tag="650">
      <subfield code="a">Arabic literature</subfield>
      <subfield code="v">Bibliography.</subfield>
      <subfield code="0">http://id.loc.gov/authorities/subjects/sh2009115249</subfield>
   </datafield>
   <datafield ind1=" " ind2=" " tag="947">
      <subfield code="a">CDZ8270</subfield>
   </datafield>
   <datafield ind1=" " ind2=" " tag="911">
      <subfield code="a">20000130</subfield>
   </datafield>
   <datafield ind1="8" ind2="0" tag="852">
      <subfield code="0">1555709</subfield>
      <subfield code="b">rcppa</subfield>
      <subfield code="t">0</subfield>
      <subfield code="h">2272.698.334.12</subfield>
      <subfield code="x">tr fr f</subfield>
   </datafield>
   <datafield ind1=" " ind2=" " tag="959">
      <subfield code="a">2000-06-13 00:00:00 -0500</subfield>
   </datafield>
</record>
